@inproceedings{ Agesen95,
  author = {Ole Agesen and Urs H\"olzle},
  title = {Type feedback vs. concrete type inference: A comparison of optimization techniques for object-oriented languages},
  booktitle = {OOPSLA '95},
  year = {1995},
  pages = {91--107},
  publisher = {ACM}
}

@inproceedings{ Glew02,
  author = {Glew, Neal and Palsberg, Jens},
  title = {Type-{S}afe {M}ethod {I}nlining},
  booktitle = {ECOOP '02},
  year = {2002},
  pages = {525--544},
  publisher = {Springer-Verlag}
}

@inproceedings{ Aiken93,
  author = {Alexander Aiken and Edward L. Wimmers},
  title = {Type {I}nclusion {C}onstraints and {T}ype {I}nference},
  booktitle = {FPCA '93},
  year = {1993},
  pages = {31--41},
  publisher = {ACM Press}
}

@inproceedings{ Mitchell84,
  author = {Mitchell, John},
  title = {Coercion and {T}ype {I}nference},
  booktitle = {POPL '84},
  year = {1984},
  pages = {175--185},
  publisher = {ACM}
}

@inproceedings{ Thatte88,
  author = {Thatte, Satish},
  title = {Type {I}nference with {P}artial {T}ypes},
  booktitle = {ICALP '88},
  year = {1988},
  pages = {615--629},
  publisher = {Springer-Verlag}
}

@article{ Wand87,
  author = "Mitchell Wand",
  title = "A {S}imple {A}lgorithm and {P}roof for {T}ype {I}nference",
  journal = "Fundamenta Infomaticae",
  year = "1987",
  volume = "10",
  pages = "115-122"
}

@inproceedings{ Agesen93TI,
  author = {Ole Agesen and Jens Palsberg and Michael I. Schwartzbach},
  title = {Type {I}nference of {S}elf: {A}nalysis of {O}bjects with {D}ynamic and {M}ultiple {I}nheritance},
  booktitle = {ECOOP '93},
  year = {1993},
  pages = {247--267},
  publisher = {Springer-Verlag}
}

@article{ Ungar92,
  author = {Ungar, David and Smith, Randall B. and Chambers, Craig and H\"{o}lzle, Urs},
  title = {Object, {M}essage, and {P}erformance: {H}ow they {C}oexist in {S}elf},
  journal = {Computer},
  volume = {25},
  issue = {10},
  month = {October},
  year = {1992},
  issn = {0018-9162},
  pages = {53--64},
  numpages = {12},
  publisher = {IEEE Computer Society Press}
}

@inproceedings{ Ungar87,
  author = {Ungar, David and Smith, Randall B.},
  title = {Self: {T}he {P}ower of {S}implicity},
  booktitle = {OOPSLA '87},
  year = {1987},
  pages = {227--242},
  publisher = {ACM}
}

@misc{ Agesen94,
  author = {Ole Agesen},
  title = {Constraint-{B}ased {T}ype {I}nference and {P}arametric {P}olymorphism},
  booktitle = {SAS '94},
  year = {1994},
  pages = {1--23},
  publisher = {Springer-Verlag}
}

@techreport{ Plevyak93,
  author = {John Plevyak and Andrew A. Chien},
  title = {Incremental {I}nference of {C}oncrete {T}ypes},
  institution = {University of Illinois Urbana-Champaign},
  year = {1993}
}

@inproceedings{ GalPLDI09,
  author = {Gal, Andreas and Eich, Brendan and Shaver, Mike and Anderson, David and Mandelin, David and Haghighat, Mohammad R. and Kaplan, Blake and Hoare, Graydon and Zbarsky, Boris and Orendorff, Jason and Ruderman, Jesse and Smith, Edwin W. and Reitmaier, Rick and Bebenita, Michael and Chang, Mason and Franz, Michael},
  title = {Trace-based just-in-time type specialization for dynamic languages},
  booktitle = {PLDI '09},
  year = {2009},
  isbn = {978-1-60558-392-1},
  pages = {465--478},
  doi = {http://doi.acm.org/10.1145/1542476.1542528},
  publisher = {ACM},
}

@inproceedings{ GalVEE09,
  author    = {Mason Chang and Edwin W. Smith and Rick Reitmaier and Michael Bebenita and Andreas Gal and Christian Wimmer and Brendan Eich and Michael Franz},
  title     = {Tracing for {W}eb 3.0: {T}race {C}ompilation for the {N}ext {G}eneration {W}eb {A}pplications},
  booktitle = {VEE '09},
  year      = {2009},
  pages     = {71--80},
  ee        = {http://doi.acm.org/10.1145/1508293.1508304},
  bibsource = {DBLP, http://dblp.uni-trier.de}
}

@inproceedings { Oxhoj92,
  author = {Nicholas Oxh√∏j and Jens Palsberg and Michael I. Schwartzbach},
  title = {Making {T}ype {I}nference {P}ractical},
  booktitle = {ECOOP '92},
  year = {1992},
  publisher = {Springer-Verlag}
}

@inproceedings { Palsberg91,
  author = {Jens Palsberg and Michael I. Schwartzbach},
  title = { Object-{O}riented {T}ype {I}nference},
  booktitle = {OOPSLA '91},
  year = {1991},
  publisher = {ACM}
}

@inproceedings{ Logozzo10,
  author    = {Francesco Logozzo and Herman Venter},
  title     = {{RATA}: {R}apid {A}tomic {T}ype {A}nalysis by {A}bstract {I}nterpretation. {A}pplication to {J}ava{S}cript {O}ptimization},
  booktitle = {CC '10},
  year      = {2010},
  pages     = {66-83},
  publisher = {Springer-Verlag}
}

@inproceedings{ Anderson05,
  booktitle = {ECOOP '05},
  title = {Towards {T}ype {I}nference for {J}ava{S}cript},
  author = {Anderson, Christopher and Drossopoulou, Sophia and Giannini, Paola},
  pages = {428--452},
  year = {2005},
  publisher = {Springer-Verlag}
}

@inproceedings{ Thiemann05,
  author = {Peter Thiemann},
  title = {Towards a {T}ype {S}ystem for {A}nalyzing {J}ava{S}cript {P}rograms},
  booktitle = {ESOP '05},
  year = 2005,
  pages = {408-422}
}

@inproceedings{ Jensen09,
  author = {Simon Holm Jensen and Anders M{\o}ller and Peter Thiemann},
  title = {Type Analysis for JavaScript},
  booktitle = {SAS '09},
  year = {2009},
  pages = {238-255},
  publisher = {Springer-Verlag}
}

@inproceedings{ Richards11,
  author    = {Gregor Richards and Christian Hammer and Brian Burg and Jan Vitek},
  title     = {The {E}val {T}hat {M}en {D}o -- {A} {L}arge-{S}cale {S}tudy of the {U}se of {E}val in {J}ava{S}cript {A}pplications},
  booktitle = {ECOOP '11},
  year      = {2011},
  pages     = {52-78},
  publisher = {Springer-Verlag},
}

@inproceedings{ Richards10,
  author    = {Gregor Richards and Sylvain Lebresne and Brian Burg and Jan Vitek},
  title     = {An analysis of the dynamic behavior of {J}ava{S}cript programs},
  booktitle = {PLDI' 10},
  year      = {2010},
  pages     = {1-12},
  publisher = {ACM}
}

@inproceedings{ Cartwright91,
  author    = {Robert Cartwright and Mike Fagan},
  title     = {Soft {T}yping},
  booktitle = {PLDI '91},
  year      = {1991},
  pages     = {278-292},
  publisher = {ACM}
}

@inproceedings{ Siek06,
  author = {Jeremy G. Siek and Walid Taha},
  title = {Gradual typing for functional languages},
  booktitle = {Scheme and Functional Programming Workshop},
  year = 2006,
  month = {September}
}

@inproceedings{ Siek07,
  author = {Jeremy G. Siek and Walid Taha},
  booktitle = {ECOOP '07},
  title = {Gradual {T}yping for {O}bjects},
  year = {2007},
  publisher = {Springer-Verlag}
}

@inproceedings{ Aiken91,
  author = {Alexander Aiken and Brian R. Murphy},
  title = {Static {T}ype {I}nference in a {D}ynamically {T}yped {L}anguage},
  booktitle = {POPL '91},
  year = {1991},
  pages = {279--290},
  publisher = {ACM}
}

@phdthesis{ AndersenPhD,
  author = {Lars Ole Andersen},
  title = {Program {A}nalysis and {S}pecialization for the {C} {P}rogramming {L}anguage},
  school = {DIKU, University of Copenhagen},
  year = {1994}
}

@inproceedings{ Sridharan09,
  author    = {Manu Sridharan and Stephen J. Fink},
  title     = {The {C}omplexity of {A}ndersen's {A}nalysis in {P}ractice},
  booktitle = {SAS '09},
  year      = {2009},
  pages     = {205--221},
  publisher = {Springer-Verlag}
}
